<collection xmlns="http://www.loc.gov/MARC21/slim">
<record>
  <leader>01168nam0a2200241 i 450 </leader>
  <controlfield tag="001">IT\ICCU\CNCE\020825</controlfield>
  <controlfield tag="005">20121206000000.0</controlfield>
  <datafield tag="012" ind1=" " ind2=" ">
    <subfield code="a">a-di a-r- ino: lone (C) 1544 (R)</subfield>
    <subfield code="2">fei</subfield>
  </datafield>
  <datafield tag="100" ind1=" " ind2=" ">
    <subfield code="a">19970101d1544        0itac0103    ba</subfield>
  </datafield>
  <datafield tag="101" ind1=" " ind2=" ">
    <subfield code="a">ITA</subfield>
  </datafield>
  <datafield tag="102" ind1=" " ind2=" ">
    <subfield code="a">IT</subfield>
  </datafield>
  <datafield tag="200" ind1="1" ind2=" ">
    <subfield code="a">Trattato vtile del reuerendo frate Andrea da Volterra sopra la disputa della gratia, et delle opere. Predicato in Firenze nella chiesa di S. Spirito l&apos;anno MDXLIII. Con una aggiunta, d&apos;alchune christiane conclusioni disputate, &amp; resolute dalla theologia parigina sotto di marzo nel XLII</subfield>
  </datafield>
  <datafield tag="210" ind1=" " ind2=" ">
    <subfield code="e">In Fiorenza</subfield>
    <subfield code="g">ad instantia Bene. Gionti</subfield>
    <subfield code="h">1544</subfield>
  </datafield>
  <datafield tag="215" ind1=" " ind2=" ">
    <subfield code="a">24 c.</subfield>
    <subfield code="d">8ʻ</subfield>
  </datafield>
  <datafield tag="620" ind1=" " ind2=" ">
    <subfield code="a">IT</subfield>
    <subfield code="d">Firenze</subfield>
  </datafield>
  <datafield tag="700" ind1=" " ind2="1">
    <subfield code="a">Ghetti,</subfield>
    <subfield code="b">Andrea</subfield>
    <subfield code="3">IT\ICCU\CNCA\005998</subfield>
  </datafield>
  <datafield tag="712" ind1="0" ind2="0">
    <subfield code="a">Giunta, Benedetto</subfield>
    <subfield code="3">IT\ICCU\CNCT\000746</subfield>
    <subfield code="4">650</subfield>
  </datafield>
  <datafield tag="790" ind1=" " ind2="0">
    <subfield code="a">Andrea</subfield>
    <subfield code="c"> : da#Volterra</subfield>
    <subfield code="3">IT\ICCU\CNCA\005999</subfield>
    <subfield code="z">Ghetti, Andrea</subfield>
  </datafield>
  <datafield tag="791" ind1="0" ind2="0">
    <subfield code="a">Iunta, Benedictus</subfield>
    <subfield code="3">IT\ICCU\CNCT\003882</subfield>
    <subfield code="z">Giunta, Benedetto</subfield>
  </datafield>
  <datafield tag="791" ind1="0" ind2="0">
    <subfield code="a">Gionta, Benedetto</subfield>
    <subfield code="3">IT\ICCU\CNCT\004908</subfield>
    <subfield code="z">Giunta, Benedetto</subfield>
  </datafield>
  <datafield tag="791" ind1="0" ind2="0">
    <subfield code="a">Giunti, Benedetto</subfield>
    <subfield code="3">IT\ICCU\CNCT\004909</subfield>
    <subfield code="z">Giunta, Benedetto</subfield>
  </datafield>
  <datafield tag="801" ind1=" " ind2="3">
    <subfield code="a">IT</subfield>
    <subfield code="b">ICCU</subfield>
    <subfield code="c">20201114</subfield>
  </datafield>
  <datafield tag="899" ind1=" " ind2=" ">
    <subfield code="a">Biblioteca nazionale centrale. Firenze</subfield>
    <subfield code="1">FI0098</subfield>
    <subfield code="2">CFI CF</subfield>
  </datafield>
</record>
</collection>
